%% This BibTeX bibliography file was created using BibDesk.
%% http://bibdesk.sourceforge.net/

%% Created for shawn at 2018-10-18 19:40:48 +0800 


%% Saved with string encoding Unicode (UTF-8) 



@article{atallah2002vertical,
	Author = {Atallah, Gamal},
	Journal = {Economics of Innovation and New Technology},
	Number = {3},
	Pages = {179--209},
	Publisher = {Taylor \& Francis},
	Title = {Vertical R\&D spillovers, cooperation, market structure, and innovation},
	Volume = {11},
	Year = {2002}}

@article{lu2017identifying,
	Author = {Lu, Yi and Tao, Zhigang and Zhu, Lianming},
	Journal = {Journal of International Economics},
	Pages = {75--90},
	Publisher = {Elsevier},
	Title = {Identifying FDI spillovers},
	Volume = {107},
	Year = {2017}}

@article{smarzynska2004does,
	Author = {Smarzynska Javorcik, Beata},
	Journal = {American economic review},
	Number = {3},
	Pages = {605--627},
	Title = {Does foreign direct investment increase the productivity of domestic firms? In search of spillovers through backward linkages},
	Volume = {94},
	Year = {2004}}

@techreport{foster2018innovation,
	Author = {Foster, Lucia and Grim, Cheryl and Haltiwanger, John C and Wolf, Zoltan},
	Institution = {National Bureau of Economic Research},
	Title = {Innovation, Productivity Dispersion, and Productivity Growth},
	Year = {2018}}

@techreport{cuiinnovation,
	Author = {Cui, Jingbo and Li, Xiaogang},
	Institution = {Agricultural and Applied Economics Association},
	Title = {Innovation and Firm Productivity: Evidence from the US Patent Data},
	Year = {2016}}

@incollection{griliches1998productivity,
	Author = {Griliches, Zvi},
	Booktitle = {R\&D and productivity: The econometric evidence},
	Pages = {347--374},
	Publisher = {University of Chicago Press},
	Title = {Productivity, R\&D, and the data constraint},
	Year = {1998}}

@article{guellec2002r,
	Author = {Guellec, Dominique and De La Potterie, Bruno van Pottelsberghe},
	Journal = {OECD Economic studies},
	Number = {2},
	Pages = {103--126},
	Publisher = {Organisation for Economic Cooperation and Development (OECD)},
	Title = {R\&D and productivity growth},
	Volume = {2001},
	Year = {2002}}

@article{coe1995international,
	Author = {Coe, David T and Helpman, Elhanan},
	Journal = {European economic review},
	Number = {5},
	Pages = {859--887},
	Publisher = {Elsevier},
	Title = {International r\&d spillovers},
	Volume = {39},
	Year = {1995}}

@article{higon2007impact,
	Author = {Higon, Dolores Anon},
	Journal = {Research policy},
	Number = {7},
	Pages = {964--979},
	Publisher = {Elsevier},
	Title = {The impact of R\&D spillovers on UK manufacturing TFP: A dynamic panel approach},
	Volume = {36},
	Year = {2007}}

@article{fisch2017value,
	Author = {Fisch, Christian and Sandner, Philipp and Regner, Lukas},
	Journal = {China Economic Review},
	Pages = {22--34},
	Publisher = {Elsevier},
	Title = {The value of Chinese patents: An empirical investigation of citation lags},
	Volume = {45},
	Year = {2017}}

@techreport{shu2018impact,
	Author = {Shu, Pian and Steinwender, Claudia},
	Institution = {National Bureau of Economic Research},
	Title = {The Impact of Trade Liberalization on Firm Productivity and Innovation},
	Year = {2018}}

@article{bloom2002patents,
	Author = {Bloom, Nicholas and Van Reenen, John},
	Journal = {The Economic Journal},
	Number = {478},
	Pages = {C97--C116},
	Publisher = {Wiley Online Library},
	Title = {Patents, real options and firm performance},
	Volume = {112},
	Year = {2002}}

@techreport{akcigit2016optimal,
	Author = {Akcigit, Ufuk and Hanley, Douglas and Stantcheva, Stefanie},
	Institution = {National Bureau of Economic Research},
	Title = {Optimal taxation and r\&d policies},
	Year = {2016}}

@article{acemoglu2016networks,
	Author = {Acemoglu, Daron and Akcigit, Ufuk and Kerr, William},
	Journal = {NBER Macroeconomics Annual},
	Number = {1},
	Pages = {273--335},
	Publisher = {University of Chicago Press Chicago, IL},
	Title = {Networks and the macroeconomy: An empirical exploration},
	Volume = {30},
	Year = {2016}}

@article{liu2016intermediate,
	Author = {Liu, Qing and Qiu, Larry D},
	Journal = {Journal of International Economics},
	Pages = {166--183},
	Publisher = {Elsevier},
	Title = {Intermediate input imports and innovations: Evidence from Chinese firms' patent filings},
	Volume = {103},
	Year = {2016}}

@article{foley2015international,
	Author = {Foley, CF and Manova, K},
	Journal = {Annual Review of Economics},
	Number = {1},
	Pages = {119--146},
	Title = {International Trade, Multinational Activity, and Corporate Finance},
	Volume = {7},
	Year = {2015}}

@techreport{acemoglu2013innovation,
	Author = {Acemoglu, Daron and Akcigit, Ufuk and Alp, Harun and Bloom, Nicholas and Kerr, William R},
	Institution = {National Bureau of Economic Research},
	Title = {Innovation, reallocation and growth},
	Year = {2017}}

@techreport{lind2018innovation,
	Author = {Lind, Nelson and Ramondo, Natalia},
	Institution = {National Bureau of Economic Research},
	Title = {Innovation, Knowledge Diffusion, and Globalization},
	Year = {2018}}

@article{acemoglu2016innovation,
	Author = {Acemoglu, Daron and Akcigit, Ufuk and Kerr, William R},
	Journal = {Proceedings of the National Academy of Sciences},
	Number = {41},
	Pages = {11483--11488},
	Publisher = {National Acad Sciences},
	Title = {Innovation network},
	Volume = {113},
	Year = {2016}}

@techreport{akcigit2018innovation,
	Author = {Akcigit, Ufuk and Ates, Sina T and Impullitti, Giammario},
	Institution = {National Bureau of Economic Research},
	Title = {Innovation and Trade Policy in a Globalized World},
	Year = {2018}}

@article{akcigit2018growth,
	Author = {Akcigit, Ufuk and Kerr, William R},
	Journal = {Journal of Political Economy},
	Number = {4},
	Pages = {1374--1443},
	Publisher = {University of Chicago Press Chicago, IL},
	Title = {Growth through heterogeneous innovations},
	Volume = {126},
	Year = {2018}}

@techreport{akcigit2018dancing,
	Author = {Akcigit, Ufuk and Caicedo, Santiago and Miguelez, Ernest and Stantcheva, Stefanie and Sterzi, Valerio},
	Institution = {National Bureau of Economic Research},
	Title = {Dancing with the stars: innovation through interactions},
	Year = {2018}}

@techreport{akcigit2018connecting,
	Author = {Akcigit, Ufuk and Baslandze, Salom{\'e} and Lotti, Francesca},
	Institution = {National Bureau of Economic Research},
	Title = {Connecting to power: political connections, innovation, and firm dynamics},
	Year = {2018}}

@article{hu2017china,
	Author = {Hu, Albert GZ and Zhang, Peng and Zhao, Lijing},
	Journal = {Journal of Development Economics},
	Pages = {107--119},
	Publisher = {Elsevier},
	Title = {China as number one? Evidence from China's most recent patenting surge},
	Volume = {124},
	Year = {2017}}
