%% This BibTeX bibliography file was created using BibDesk.
%% http://bibdesk.sourceforge.net/

%% Created for shawn at 2018-10-18 22:11:08 +0800


%% Saved with string encoding Unicode (UTF-8)

@article{keller2009multinational,
  title={Multinational Enterprises, International Trade, and Productivity Growth: Firm-level Evidence from the United States},
  author={Keller, Wolfgang and Yeaple, Stephen R},
  journal={The Review of Economics and Statistics},
  volume={91},
  number={4},
  pages={821--831},
  year={2009}
}

@article{manova2016firms,
  title={How Firms Export: Processing vs. Ordinary Trade with Financial Frictions},
  author={Manova, Kalina and Yu, Zhihong},
  journal={Journal of International Economics},
  volume={100},
  pages={120--137},
  year={2016}
}


@article{bernard2017origins,
  title={The Origins of Firm Heterogeneity: A Production Nnetwork Approach},
  author={Bernard, Andrew B and Dhyne, Emmanuel and Magerman, Glenn and Manova, Kalina and Moxnes, Andreas},
  journal={Working Paper},
  year={2018}
}


@article{braun2005financial,
  title={Financial Contractability and Asset Hardness},
  author={Braun, Matias},
  year={2005}
}


@techreport{chen2016local,
  title={Local Financial Development and Constraints on Private Firms' Exports: Evidence from City Commercial Banks in China},
  author={Chen, Zhao and Poncet, Sandra and Xiong, Ruixiang and others},
  year={2017}
  journal={CEPII Working Paper}
}


@misc{dollar2007wasted,
  title={Das (wasted) kapital: Firm Ownership and Investment Efficiency in China},
  author={Dollar, David and Wei, Shang-Jin},
  year={2007},
  journal={NBER Working Paper 13103}
}

@article{wu2018capital,
  title={Capital Misallocation in China: Financial Frictions or Policy Distortions?},
  author={Wu, Guiying Laura},
  journal={Journal of Development Economics},
  volume={130},
  pages={203--223},
  year={2018},
}

@article{hsieh2009misallocation,
  title={Misallocation and Manufacturing TFP in China and India},
  author={Hsieh, Chang-Tai and Klenow, Peter J},
  journal={The Quarterly journal of economics},
  volume={124},
  number={4},
  pages={1403--1448},
  year={2009},
}

@article{Liu2016patent,
	Author = {Liu , Qing and  Qiu, Dongxiao },
	Date-Added = {2018-10-18 22:10:01 +0800},
	Date-Modified = {2018-10-18 22:10:01 +0800},
	Journal = {Journal of International Economics},
	Number = {1},
	Pages = {166--183},
	Title = {Intermediate Input Imports and Innovations: Evidence from Chinese Firms' Patent Filings},
	Volume = {103},
	Year = {2016}}



@article{Monova2015fin,
	Author = {Manova , Kalina and  Wei, Shang-Jin and Zhang, Zhiwei},
	Date-Added = {2018-10-18 22:10:01 +0800},
	Date-Modified = {2018-10-18 22:10:01 +0800},
	Journal = {Review of Economics and Statistics},
	Number = {1},
	Pages = {574--588},
	Title = {Firm Exports and Mutinational Activity under Credit Constrainss},
	Volume = {97},
	Year = {2013}}

@article{Monova2013fin,
	Author = {Manova , Kalina},
	Date-Added = {2018-10-18 22:10:01 +0800},
	Date-Modified = {2018-10-18 22:10:01 +0800},
	Journal = {Review of Economic Studies},
	Number = {1},
	Pages = {711--744},
	Title = {Credit Constraints,Heterogeneous Firms, and International Trade},
	Volume = {80},
	Year = {2013}}


@article{Tang2012process,
	Author = {Fernandes , Ana P. and Heiwai, Tang},
	Date-Added = {2018-10-18 22:10:01 +0800},
	Date-Modified = {2018-10-18 22:10:01 +0800},
	Journal = {Journal of Development Economics},
	Number = {1},
	Pages = {396--414},
	Title = {Determinants of Vertical Integration in Export Processing: Theory and Evidence from China},
	Volume = {99},
	Year = {2012}}



@article{antrs2012up,
	Author = {Ant\`{a}s , Pol and Chor, Davin and Fally, Thibault and Hillberry, Russell},
	Date-Added = {2018-10-18 22:10:01 +0800},
	Date-Modified = {2018-10-18 22:10:01 +0800},
	Journal = {American Economic Review: Papers Proceedings },
	Number = {1},
	Pages = {412--416},
	Title = {Measuring the Upstreamness of Production and Trade Flows},
	Volume = {102},
	Year = {2012}}

@article{wei2017made,
	Author = {Wei, Shang-Jin and Xie, Zhuan and Zhang, Xiaobo},
	Date-Added = {2018-10-18 22:10:01 +0800},
	Date-Modified = {2018-10-18 22:10:01 +0800},
	Journal = {Journal of Economic Perspectives},
	Number = {1},
	Pages = {49--70},
	Title = {From" Made in China" to" Innovated in China": Necessity, prospect, and challenges},
	Volume = {31},
	Year = {2017}}

@article{atallah2002vertical,
	Author = {Atallah, Gamal},
	Date-Added = {2018-10-18 19:37:14 +0800},
	Date-Modified = {2018-10-18 19:37:14 +0800},
	Journal = {Economics of Innovation and New Technology},
	Number = {3},
	Pages = {179--209},
	Publisher = {Taylor \& Francis},
	Title = {Vertical R\&D spillovers, cooperation, market structure, and innovation},
	Volume = {11},
	Year = {2002}}

@article{lu2017identifying,
	Author = {Lu, Yi and Tao, Zhigang and Zhu, Lianming},
	Date-Added = {2018-10-18 19:36:13 +0800},
	Date-Modified = {2018-10-18 19:36:13 +0800},
	Journal = {Journal of International Economics},
	Pages = {75--90},
	Publisher = {Elsevier},
	Title = {Identifying FDI spillovers},
	Volume = {107},
	Year = {2017}}

@article{smarzynska2004does,
	Author = {Smarzynska Javorcik, Beata},
	Date-Added = {2018-10-18 19:35:57 +0800},
	Date-Modified = {2018-10-18 19:35:57 +0800},
	Journal = {American economic review},
	Number = {3},
	Pages = {605--627},
	Title = {Does foreign direct investment increase the productivity of domestic firms? In search of spillovers through backward linkages},
	Volume = {94},
	Year = {2004}}

@techreport{foster2018innovation,
	Author = {Foster, Lucia and Grim, Cheryl and Haltiwanger, John C and Wolf, Zoltan},
	Date-Added = {2018-10-18 19:35:25 +0800},
	Date-Modified = {2018-10-18 19:35:25 +0800},
	Institution = {National Bureau of Economic Research},
	Title = {Innovation, Productivity Dispersion, and Productivity Growth},
	Year = {2018}}

@techreport{cuiinnovation,
	Author = {Cui, Jingbo and Li, Xiaogang},
	Date-Added = {2018-10-18 19:34:54 +0800},
	Date-Modified = {2018-10-18 19:37:44 +0800},
	Institution = {Agricultural and Applied Economics Association},
	Title = {Innovation and Firm Productivity: Evidence from the US Patent Data},
	Year = {2016}}

@incollection{griliches1998productivity,
	Author = {Griliches, Zvi},
	Booktitle = {R\&D and productivity: The econometric evidence},
	Date-Added = {2018-10-18 19:32:28 +0800},
	Date-Modified = {2018-10-18 19:32:28 +0800},
	Pages = {347--374},
	Publisher = {University of Chicago Press},
	Title = {Productivity, R\&D, and the data constraint},
	Year = {1998}}

@article{guellec2002r,
	Author = {Guellec, Dominique and De La Potterie, Bruno van Pottelsberghe},
	Date-Added = {2018-10-18 19:31:01 +0800},
	Date-Modified = {2018-10-18 19:31:01 +0800},
	Journal = {OECD Economic studies},
	Number = {2},
	Pages = {103--126},
	Publisher = {Organisation for Economic Cooperation and Development (OECD)},
	Title = {R\&D and productivity growth},
	Volume = {2001},
	Year = {2002}}

@article{coe1995international,
	Author = {Coe, David T and Helpman, Elhanan},
	Date-Added = {2018-10-18 19:30:38 +0800},
	Date-Modified = {2018-10-18 19:30:38 +0800},
	Journal = {European economic review},
	Number = {5},
	Pages = {859--887},
	Publisher = {Elsevier},
	Title = {International R\&D spillovers},
	Volume = {39},
	Year = {1995}}

@article{higon2007impact,
	Author = {Higon, Dolores Anon},
	Date-Added = {2018-10-18 19:30:19 +0800},
	Date-Modified = {2018-10-18 19:30:19 +0800},
	Journal = {Research policy},
	Number = {7},
	Pages = {964--979},
	Publisher = {Elsevier},
	Title = {The impact of R\&D spillovers on UK manufacturing TFP: A dynamic panel approach},
	Volume = {36},
	Year = {2007}}

@article{fisch2017value,
	Author = {Fisch, Christian and Sandner, Philipp and Regner, Lukas},
	Date-Added = {2018-10-18 19:29:45 +0800},
	Date-Modified = {2018-10-18 19:29:45 +0800},
	Journal = {China Economic Review},
	Pages = {22--34},
	Publisher = {Elsevier},
	Title = {The value of Chinese patents: An empirical investigation of citation lags},
	Volume = {45},
	Year = {2017}}

@techreport{shu2018impact,
	Author = {Shu, Pian and Steinwender, Claudia},
	Date-Added = {2018-10-18 19:29:21 +0800},
	Date-Modified = {2018-10-18 19:29:21 +0800},
	Institution = {National Bureau of Economic Research},
	Title = {The Impact of Trade Liberalization on Firm Productivity and Innovation},
	Year = {2018}}

@article{bloom2002patents,
	Author = {Bloom, Nicholas and Van Reenen, John},
	Date-Added = {2018-10-18 19:29:01 +0800},
	Date-Modified = {2018-10-18 19:29:01 +0800},
	Journal = {The Economic Journal},
	Number = {478},
	Pages = {C97--C116},
	Publisher = {Wiley Online Library},
	Title = {Patents, real options and firm performance},
	Volume = {112},
	Year = {2002}}

@techreport{akcigit2016optimal,
	Author = {Akcigit, Ufuk and Hanley, Douglas and Stantcheva, Stefanie},
	Date-Added = {2018-10-18 19:27:09 +0800},
	Date-Modified = {2018-10-18 19:27:09 +0800},
	Institution = {National Bureau of Economic Research},
	Title = {Optimal taxation and r\&d policies},
	Year = {2016}}

@article{acemoglu2016networks,
	Author = {Acemoglu, Daron and Akcigit, Ufuk and Kerr, William},
	Date-Added = {2018-10-18 19:26:15 +0800},
	Date-Modified = {2018-10-18 19:26:15 +0800},
	Journal = {NBER Macroeconomics Annual},
	Number = {1},
	Pages = {273--335},
	Publisher = {University of Chicago Press Chicago, IL},
	Title = {Networks and the macroeconomy: An empirical exploration},
	Volume = {30},
	Year = {2016}}

@article{liu2016intermediate,
	Author = {Liu, Qing and Qiu, Larry D},
	Date-Added = {2018-10-18 19:25:48 +0800},
	Date-Modified = {2018-10-18 19:25:48 +0800},
	Journal = {Journal of International Economics},
	Pages = {166--183},
	Publisher = {Elsevier},
	Title = {Intermediate input imports and innovations: Evidence from Chinese firms' patent filings},
	Volume = {103},
	Year = {2016}}

@article{foley2015international,
	Author = {Foley, CF and Manova, K},
	Date-Added = {2018-10-18 19:25:08 +0800},
	Date-Modified = {2018-10-18 19:25:08 +0800},
	Journal = {Annual Review of Economics},
	Number = {1},
	Pages = {119--146},
	Title = {International Trade, Multinational Activity, and Corporate Finance},
	Volume = {7},
	Year = {2015}}

@techreport{acemoglu2013innovation,
	Author = {Acemoglu, Daron and Akcigit, Ufuk and Alp, Harun and Bloom, Nicholas and Kerr, William R},
	Date-Added = {2018-10-18 19:24:29 +0800},
	Date-Modified = {2018-10-18 19:38:19 +0800},
	Institution = {National Bureau of Economic Research},
	Title = {Innovation, reallocation and growth},
	Year = {2017}}

@techreport{lind2018innovation,
	Author = {Lind, Nelson and Ramondo, Natalia},
	Date-Added = {2018-10-18 19:22:22 +0800},
	Date-Modified = {2018-10-18 19:22:22 +0800},
	Institution = {National Bureau of Economic Research},
	Title = {Innovation, Knowledge Diffusion, and Globalization},
	Year = {2018}}

@article{acemoglu2016innovation,
	Author = {Acemoglu, Daron and Akcigit, Ufuk and Kerr, William R},
	Date-Added = {2018-10-18 19:22:01 +0800},
	Date-Modified = {2018-10-18 19:22:01 +0800},
	Journal = {Proceedings of the National Academy of Sciences},
	Number = {41},
	Pages = {11483--11488},
	Publisher = {National Acad Sciences},
	Title = {Innovation network},
	Volume = {113},
	Year = {2016}}

@techreport{akcigit2018innovation,
	Author = {Akcigit, Ufuk and Ates, Sina T and Impullitti, Giammario},
	Date-Added = {2018-10-18 19:21:20 +0800},
	Date-Modified = {2018-10-18 19:21:20 +0800},
	Institution = {National Bureau of Economic Research},
	Title = {Innovation and Trade Policy in a Globalized World},
	Year = {2018}}

@article{akcigit2018growth,
	Author = {Akcigit, Ufuk and Kerr, William R},
	Date-Added = {2018-10-18 19:21:01 +0800},
	Date-Modified = {2018-10-18 19:21:01 +0800},
	Journal = {Journal of Political Economy},
	Number = {4},
	Pages = {1374--1443},
	Publisher = {University of Chicago Press Chicago, IL},
	Title = {Growth through heterogeneous innovations},
	Volume = {126},
	Year = {2018}}

@techreport{akcigit2018dancing,
	Author = {Akcigit, Ufuk and Caicedo, Santiago and Miguelez, Ernest and Stantcheva, Stefanie and Sterzi, Valerio},
	Date-Added = {2018-10-18 19:20:31 +0800},
	Date-Modified = {2018-10-18 19:20:31 +0800},
	Institution = {National Bureau of Economic Research},
	Title = {Dancing with the stars: innovation through interactions},
	Year = {2018}}

@techreport{akcigit2018connecting,
	Author = {Akcigit, Ufuk and Baslandze, Salom{\'e} and Lotti, Francesca},
	Date-Added = {2018-10-18 19:19:23 +0800},
	Date-Modified = {2018-10-18 19:19:23 +0800},
	Institution = {National Bureau of Economic Research},
	Title = {Connecting to power: political connections, innovation, and firm dynamics},
	Year = {2018}}

@article{hu2017china,
	Author = {Hu, Albert GZ and Zhang, Peng and Zhao, Lijing},
	Date-Added = {2018-10-18 19:18:40 +0800},
	Date-Modified = {2018-10-18 19:18:40 +0800},
	Journal = {Journal of Development Economics},
	Pages = {107--119},
	Publisher = {Elsevier},
	Title = {China as number one? Evidence from China's most recent patenting surge},
	Volume = {124},
	Year = {2017}}
